@misc{ReadtheWeb:online,
  author       = {Read The Web Research Team},
  title        = {Read the Web :: Carnegie Mellon University},
  howpublished = {\url{http://rtw.ml.cmu.edu/rtw/}},
  month        = {},
  year         = {},
  note         = {(Accessed on 03/31/2022)}
}

@misc{ReadtheWebOverview:online,
  author       = {Read The Web Research Team},
  title        = {Read the Web :: Project Overview},
  howpublished = {\url{http://rtw.ml.cmu.edu/rtw/overview}},
  month        = {},
  year         = {},
  note         = {(Accessed on 03/31/2022)}
}

@misc{TowardAnArchitecture:online,
  author       = {Andrew Carlson and
   Justin Betteridge and
   Bryan Kisiel and
   Burr Settles and
   Estevam R. Hruschka Jr. and
   Tom M. Mitchell},
  title        = {Toward an Architecture for Never-Ending Language Learning},
  howpublished = {\url{http://rtw.ml.cmu.edu/papers/carlson-aaai10.pdf}},
  month        = {},
  year         = {},
  note         = {(Accessed on 04/01/2022)}
}

@misc{AlgoritmEM:online,
  author       = {Wikipedia},
  title        = {Algoritmo EM},
  howpublished = {\url{https://it.wikipedia.org/wiki/Algoritmo_EM}},
  month        = {},
  year         = {},
  note         = {(Accessed on 04/01/2022)}
}

@misc{Coupledp1:online,
	author       = {Wikipedia},
	title        = {Coupled pattern learner},
	howpublished = {\url{https://en.wikipedia.org/wiki/Coupled_pattern_learner}},
	month        = {},
	year         = {},
	note         = {(Accessed on 04/03/2022)}
}

@misc{POStagsa85:online,
	author       = {Sketch Engine},
	title        = {POS tags and part-of-speech tagging},
	howpublished = {\url{https://www.sketchengine.eu/blog/pos-tags/}},
	month        = {},
	year         = {},
	note         = {(Accessed on 04/04/2022)}
}

